@misc{gopher,
	author = {Garden City Collegiate Space Agency},
    title = {GOPHER SPACE},
    month = feb,
    year = {2017},
    howpublished={\url{http://gopherspace.pbworks.com/w/page/93541286/GOPHER%20SPACE}}
}

@article{greenwade93,
    author  = "George D. Greenwade",
    title   = "The {C}omprehensive {T}ex {A}rchive {N}etwork ({CTAN})",
    year    = "1993",
    journal = "TUGBoat",
    volume  = "14",
    number  = "3",
    pages   = "342--351"
}

@misc{ir_spectrum, 
	author = {Censura},
	title={Infrared Light: Natural techniques}, 
	howpublished={\url{https://cesura.nz/infrared-light-therapy/}}, 
	journal={Cesura | Near Infrared}, 
	year={2016}, 
	month={Jul}}

@misc{ir_wiki, 
	author={Wikimedia},
	title={Infrared}, 
	howpublished={\url{https://en.wikipedia.org/wiki/Infrared}}, 
	journal={Wikipedia}, 
	publisher={Wikimedia Foundation}, 
	year={2017}, 
	month={Oct}
}

@misc{ndvi_wiki, 
	author={Wikimedia},
	title={NDVI}, 
	howpublished={\url{https://en.wikipedia.org/wiki/Normalized_Difference_Vegetation_Index}}, 
	journal={Wikipedia}, 
	publisher={Wikimedia Foundation}, 
	year={2017}, 
	month={Oct}
}

@misc{blue_filter, 
	author={Public Lab},
	title={Public Lab Store}, 
	howpublished={\url{https://publiclab.myshopify.com/products/infragram-diy-filter-pack?variant=1058088684}}, 
	year={2017}, 
	month={June}
}

@misc{blue_curve, 
	author={Rosco},
	title={Roscolux, Cinegel}, 
	howpublished={\url{http://us.rosco.com/en/products/catalog/roscolux#info-popup7235}}, 
	year={2017}, 
	month={July}
}